@article{1w2, 
    title={Turbulence: The Legacy of A. N. Kolmogorov}, 
    volume={317}, 
    DOI={10.1017/S0022112096210791}, 
    journal={Journal of Fluid Mechanics}, 
    publisher={Cambridge University Press}, 
    author={Frisch, U.}, 
    year={1996}, 
    pages={407â€“410}
}

